@misc{StrangerDefine,
author = {丁夏，就职于快手数据分析团队},
title = {陌生人社交业务的冰与火},
howpublished = {\url{https://zhuanlan.zhihu.com/p/352422530}},
month = {},
year = {},
note = {}
}

@misc{WikiTinderFeatures,
author = {维基百科},
title = {Tinder(app)},
howpublished = {\url{https://en.wikipedia.org/wiki/Tinder_(app)}},
}

@misc{WikiTantan,
author = {维基百科},
title = {探探},
howpublished = {\url{https://zh.wikipedia.org/wiki/%E6%8E%A2%E6%8E%A2}},
}

@misc{MoMoWhy,
author = {龚进辉},
title = {陷入招嫖争议、市值跌去六成，陌陌到底怎么了？},
howpublished = {\url{https://www.jiemian.com/article/5703382.html}},
}

@misc{CheatTheLiving,
author = {人间theLivings},
title = {人间骗局：我曾在这里当骗子},
howpublished = {\url{https://www.zhihu.com/xen/market/remix/paid_column/1174633181885509632}},
}

@misc{WikiJiayuan,
author = {维基百科},
title = {世纪佳缘},
howpublished = {\url{https://zh.wikipedia.org/wiki/%E4%B8%96%E7%BA%AA%E4%BD%B3%E7%BC%98}},
}

@misc{Soul,
author = {知乎用户},
title = {现在的soul让你感觉恶心吗？},
howpublished = {\url{https://www.zhihu.com/question/385963024/answer/1159129055}},
}

@misc{MoMoHistory,
author = {MoMo},
title = {陌陌官网-关于},
howpublished = {\url{https://tantanapp.com/aboutus.html}},
}

@misc{MoMoAgreement,
author = {MoMo},
title = {陌陌官网-用户协议},
howpublished = {\url{https://tantanapp.com/agreement.html}},
}

@misc{Audio,
author = {国家网信办},
title = {国家网信办集中开展网络音频专项整治},
howpublished = {\url{http://www.cac.gov.cn/2019-06/28/c_1124685210.htm}},
}

@misc{Privacy,
author = {人民网},
title = {中国银行手机银行等30款App被点名整改},
howpublished = {\url{http://money.people.com.cn/n1/2019/0712/c42877-31231037.html}},
}

@misc{wiki:Ingress,
   author = "维基百科",
   title = "Ingress --- 维基百科{,} 自由的百科全书",
   year = "2021",
   url = "\url{https://zh.wikipedia.org/w/index.php?title=Ingress&oldid=64594362}",
}