@misc{StrangerDefine,
author = {丁夏，就职于快手数据分析团队},
title = {陌生人社交业务的冰与火},
howpublished = {\url{https://zhuanlan.zhihu.com/p/352422530}},
month = {},
year = {},
note = {}
}

@misc{WikiTinderFeatures,
author = {维基百科},
title = {Tinder(app)},
howpublished = {\url{https://en.wikipedia.org/wiki/Tinder_(app)}},
}